<collection xmlns="http://www.loc.gov/MARC21/slim">
<record>
  <leader>01050nam0a2200253 i 450 </leader>
  <controlfield tag="001">IT\ICCU\CNCE\006592</controlfield>
  <controlfield tag="005">20160510000000.0</controlfield>
  <datafield tag="012" ind1=" " ind2=" ">
    <subfield code="a">toca iari a.da PiAg (C) 1503 (R)</subfield>
    <subfield code="2">fei</subfield>
  </datafield>
  <datafield tag="100" ind1=" " ind2=" ">
    <subfield code="a">19970101d1503        0itac0103    ba</subfield>
  </datafield>
  <datafield tag="101" ind1=" " ind2=" ">
    <subfield code="a">ITA</subfield>
  </datafield>
  <datafield tag="102" ind1=" " ind2=" ">
    <subfield code="a">IT</subfield>
  </datafield>
  <datafield tag="200" ind1="1" ind2=" ">
    <subfield code="a">Timone. Comedia del magnifico conte Matheo Maria Boiardo</subfield>
  </datafield>
  <datafield tag="210" ind1=" " ind2=" ">
    <subfield code="e">Stampata in la magnifica cita de Bologna</subfield>
    <subfield code="g">per Caligula di Bazaleri</subfield>
    <subfield code="h">1503 adi 30. de luglio</subfield>
  </datafield>
  <datafield tag="215" ind1=" " ind2=" ">
    <subfield code="a">\40! c.</subfield>
    <subfield code="d">8ʻ</subfield>
  </datafield>
  <datafield tag="620" ind1=" " ind2=" ">
    <subfield code="a">IT</subfield>
    <subfield code="d">Bologna</subfield>
  </datafield>
  <datafield tag="700" ind1=" " ind2="1">
    <subfield code="a">Boiardo,</subfield>
    <subfield code="b">Matteo Maria</subfield>
    <subfield code="3">IT\ICCU\CNCA\000229</subfield>
  </datafield>
  <datafield tag="712" ind1="0" ind2="0">
    <subfield code="a">Bazalieri, Caligola</subfield>
    <subfield code="3">IT\ICCU\CNCT\001266</subfield>
    <subfield code="4">650</subfield>
  </datafield>
  <datafield tag="791" ind1="0" ind2="0">
    <subfield code="a">Baccilieri, Caligola</subfield>
    <subfield code="3">IT\ICCU\CNCT\002794</subfield>
    <subfield code="z">Bazalieri, Caligola</subfield>
  </datafield>
  <datafield tag="791" ind1="0" ind2="0">
    <subfield code="a">Bacilerius, Caligula</subfield>
    <subfield code="3">IT\ICCU\CNCT\004308</subfield>
    <subfield code="z">Bazalieri, Caligola</subfield>
  </datafield>
  <datafield tag="791" ind1="0" ind2="0">
    <subfield code="a">Bazaliero, Caligula</subfield>
    <subfield code="3">IT\ICCU\CNCT\004309</subfield>
    <subfield code="z">Bazalieri, Caligola</subfield>
  </datafield>
  <datafield tag="791" ind1="0" ind2="0">
    <subfield code="a">Bazaleriis, Caligula de</subfield>
    <subfield code="3">IT\ICCU\CNCT\004310</subfield>
    <subfield code="z">Bazalieri, Caligola</subfield>
  </datafield>
  <datafield tag="801" ind1=" " ind2="3">
    <subfield code="a">IT</subfield>
    <subfield code="b">ICCU</subfield>
    <subfield code="c">20201113</subfield>
  </datafield>
  <datafield tag="899" ind1=" " ind2=" ">
    <subfield code="a">Biblioteca statale. Lucca</subfield>
    <subfield code="1">LU0022</subfield>
    <subfield code="2">LUA BL</subfield>
  </datafield>
  <datafield tag="899" ind1=" " ind2=" ">
    <subfield code="a">British Library. London</subfield>
    <subfield code="1">UK0001</subfield>
  </datafield>
</record>
</collection>
